
@article{aloimonos_active_1988,
	title = {Active vision},
	volume = {1},
	issn = {0920-5691, 1573-1405},
	url = {http://link.springer.com/10.1007/BF00133571},
	doi = {10/cn4mdc},
	pages = {333--356},
	number = {4},
	journaltitle = {International Journal of Computer Vision},
	shortjournal = {Int J Comput Vision},
	author = {Aloimonos, John and Weiss, Isaac and Bandyopadhyay, Amit},
	urldate = {2022-02-07},
	date = {1988-01},
	langid = {english},
	note = {705 citations (Crossref) [2022-02-07]},
	file = {Active vision:/home/oslund/Zotero/storage/SFZQUV5N/aloimonos1988.pdf.pdf:application/pdf},
}

@book{sutton_reinforcement_2018,
	location = {Cambridge, Massachusetts},
	edition = {Second edition},
	title = {Reinforcement learning: an introduction},
	isbn = {978-0-262-03924-6},
	series = {Adaptive computation and machine learning series},
	shorttitle = {Reinforcement learning},
	abstract = {"Reinforcement learning, one of the most active research areas in artificial intelligence, is a computational approach to learning whereby an agent tries to maximize the total amount of reward it receives while interacting with a complex, uncertain environment. In Reinforcement Learning, Richard Sutton and Andrew Barto provide a clear and simple account of the field's key ideas and algorithms."--},
	pagetotal = {526},
	publisher = {The {MIT} Press},
	author = {Sutton, Richard S. and Barto, Andrew G.},
	date = {2018},
	langid = {english},
	keywords = {Reinforcement learning},
	file = {Sutton and Barto - 2018 - Reinforcement learning an introduction.pdf:/home/oslund/Zotero/storage/HPCN43YL/Sutton and Barto - 2018 - Reinforcement learning an introduction.pdf:application/pdf},
}

@article{eckstein_visual_2011,
	title = {Visual search: A retrospective},
	volume = {11},
	issn = {1534-7362},
	url = {http://jov.arvojournals.org/Article.aspx?doi=10.1167/11.5.14},
	doi = {10.1167/11.5.14},
	shorttitle = {Visual search},
	pages = {14--14},
	number = {5},
	journaltitle = {Journal of Vision},
	shortjournal = {Journal of Vision},
	author = {Eckstein, M. P.},
	urldate = {2022-02-22},
	date = {2011-12-30},
	langid = {english},
	file = {Eckstein - 2011 - Visual search A retrospective.pdf:/home/oslund/Zotero/storage/E87E8PCH/Eckstein - 2011 - Visual search A retrospective.pdf:application/pdf},
}